@article{Ahmed:2009,
author = {Ahmed, Amr and Xing, Eric P.}, 
title = {Recovering time-varying networks of dependencies in social and biological studies}, 
volume = {106}, 
number = {29}, 
pages = {11878-11883}, 
year = {2009}, 
journal = {Proceedings of the National Academy of Sciences} 
}

@BOOK{Aldrich1995,
  title = {Why Parties? The Origin and Transformation of Political Parties in
	America},
  publisher = {University of Chicago Press},
  year = {1995},
  author = {Aldrich, John H.},
  address = {Chicago}
}

@article {Banbura2010,
author = {Banbura, Marta and Giannone, Domenico and Reichlin, Lucrezia},
title = {Large Bayesian vector auto regressions},
journal = {Journal of Applied Econometrics},
volume = {25},
number = {1},
pages = {71--92},
year = {2010},
}

@BOOK{Baumgartner1993,
  title = {Agendas and Instability in American Politics},
  publisher = {University of Chicago Press},
  year = {1993},
  author = {Baumgartner, Frank R. and Bryan D. Jones},
  address = {Chicago}
}

@article{Blei2003,
Author = {Blei, DM and Ng, AY and Jordan, MI},
Title = {{Latent Dirichlet allocation}},
Journal = {{JOURNAL OF MACHINE LEARNING RESEARCH}},
Year = {{2003}},
Volume = {{3}},
Number = {{4-5}},
Pages = {{993-1022}}
}

@inproceedings{Blei2005,
  author    = {David M. Blei and
               John D. Lafferty},
  title     = {Correlated Topic Models},
  booktitle = {NIPS},
  year      = {2005}
}

@ARTICLE{Blei2010,
author={Blei, D. and Carin, L. and Dunson, D.},
journal={Signal Processing Magazine, IEEE}, 
title={Probabilistic Topic Models},
year={2010},
month={nov. },
volume={27},
number={6},
pages={55 -65},}

    @article{Brandt2000,
     title = {Dynamic Modeling for Persistent Event-Count Time Series},
     author = {Brandt, Patrick T. and Williams, John T. and Fordham, Benjamin O. and Pollins, Brain},
     journal = {American Journal of Political Science},
     volume = {44},
     number = {4},
     pages = {823-843},
     year = {2000}
    }

    @article{Campbell1982,
     title = {Cosponsoring Legislation in the U. S. Congress},
     author = {Campbell, James E.},
     journal = {Legislative Studies Quarterly},
     volume = {7},
     number = {3},
     pages = {415-422},
     year = {1982}
    }
    
    @ARTICLE{Canes-Wrone2002,
  author = {Canes-Wrone, Brandice and David W. Brady and John F. Cogan},
  title = {Out of Step, Out of Office: Electoral Accountability and {H}ouse
	Members' Voting},
  journal = {American Political Science Review},
  year = {2002},
  volume = {96},
  pages = {127--140},
  number = {1}
}


@article{Cappellari2003,
	author = "Cappellari, Lorenzo and Stephen P. Jenkins",
	title = "Multivariate probit regression using simulated maximum likelihood",
	journal = "Stata Journal",
	volume = "3",
	number = "3",
	year = "2003",
	pages = "278-294"
}


@BOOK{Casella:2001,
	Author = {Casella, George and Roger L. Berger},
	Title = {Statistical Inference},
	Publisher = {Duxbury},
	Year = {2001},
	Address = {Pacific Grove, CA, USA}
}

@article{Coglianese2004,
author = {Coglianese, Cary}, 
title = {Information Technology and Regulatory Policy: New Directions for Digital Government Research},
volume = {22}, 
number = {1}, 
pages = {85-91}, 
year = {2004}, 
journal = {Social Science Computer Review} 
}

@article {Balla2007,
author = {Balla, Steven J. and Daniels, Benjamin M.},
title = {Information technology and public commenting on agency regulations},
journal = {Regulation \& Governance},
volume = {1},
number = {1},
pages = {46--67},
year = {2007},
}

@inproceedings{Blei2006,
 author = {Blei, David M. and Lafferty, John D.},
 title = {Dynamic topic models},
 booktitle = {Proceedings of the 23rd international conference on Machine learning},
 series = {ICML '06},
 year = {2006},
 location = {Pittsburgh, Pennsylvania},
 pages = {113--120},
 numpages = {8},
} 

@article{Borins2009,
author = {Borins, Sandford},
title = {From Online Candidate to Online President},
journal = {International Journal of Public Administration},
volume = {32},
number = {9},
pages = {753-758},
year = {2009}
}

@article{Braverman1980,
  title={Practical Review of State Open Records Laws},
  author={Braverman, B.A. and Heppler, W.R.},
  journal={Geo. Wash. L. Rev.},
  volume={49},
  pages={720--760},
  year={1980},
}


@article{Cranmer2011a,
	Author = {Cranmer, Skyler J. and Desmarais, Bruce, A.},
	Title = {Inferential Network Analysis with Exponential Random Graph Models},
	Journal = {Political Analysis},
	Volume = {19},
	Number = {1},
	Pages = {66-86},
	Year = {2011}
}

@article{Cranmer:2012son,
Author = {Cranmer, Skyler J. and Tobias Heinrich and Bruce A. Desmarais},
Title = {{Reciprocity and the Structural Determinants of the International Sanctions Network}},
Journal = {{Social Networks}},
Year = {{Forthcoming}},
}

@article{Cranmer2011c,
	Author = {Cranmer, Skyler J. and Desmarais, Bruce A. and Menninga, Elizabeth J.},
	Title = {Complex Dependencies in the Alliance Network},
	Journal = {Conflict Management and Peace Science},
	Year = {forthcoming 2012}
}

@article{delaFuente:2004,
author = {de la Fuente, Alberto and Bing, Nan and Hoeschele, Ina and Mendes, Pedro}, 
title = {Discovery of meaningful associations in genomic data using partial correlation coefficients}, 
volume = {20}, 
number = {18}, 
pages = {3565-3574}, 
year = {2004},  
journal = {Bioinformatics} 
}


@article{Desmarais2010,
Author = {Desmarais, Bruce A. and Skyler J. Cranmer},
Title = {{Consistent Confidence Intervals for Maximum Pseudolikelihood Estimators}},
Journal = {{Neural Information Processing Systems 2010 Workshop on Computational Social Science and the Wisdom of Crowds}},
Year = {{2010}}
}

@article{Desmarais:2012physa,
title = "Statistical mechanics of networks: Estimation and uncertainty",
journal = "Physica A: Statistical Mechanics and its Applications",
volume = "391",
number = "4",
pages = "1865 - 1876",
year = "2012",
author = "Bruce A. Desmarais and Skyler J. Cranmer"
}

@conference{Desmarais:2011ieee,
Author = {Desmarais, Bruce A. and Skyler J. Cranmer},
Title = {{Forecasting the Locational Dynamics of Transnational Terrorism: A Network Analytic Approach}},
booktitle = {{Proceedings of the European Intelligence and Security Informatics Conference (EISIC) 2011}},
Publisher={{IEEE Computer Society}}, 
Year = {{2011}}
}


@article{Desmarais:2012,
    author = {Desmarais, Bruce A. AND Cranmer, Skyler J.},
    journal = {PLoS ONE},
    title = {Statistical Inference for Valued-Edge Networks: The Generalized Exponential Random Graph Model},
    year = {2012},
    month = {01},
    volume = {7},
    pages = {e30136},
    number = {1}
}        

@book{Emerson:2012,
	Author={Emerson, J.W. and A. Hsu and M.A. Levy and A. de Sherbinin and V. Mara and D.C. Esty and M. Jaiteh},
	Year={2012},
	Title={Environmental Performance Index and Pilot Trend Environmental Performance Index},
	Address={New Haven},
	Publisher={Yale Center for Environmental Law and Policy}
}



@article{Fransson:2008,
  title={The precuneus/posterior cingulate cortex plays a pivotal role in the default mode network: Evidence from a partial correlation network analysis},
  author={Fransson, P. and Marrelec, G.},
  journal={Neuroimage},
  volume={42},
  number={3},
  pages={1178--1184},
  year={2008},
  publisher={Elsevier}
}


@Article{Gelman:1992,
	Author = {Gelman, Andrew and Rubin, Donald B.},
	Year = {1992},
	Title = {Inference from Iterative Simulation Using Multiple Sequences},
	Journal = {Statistical Science},
	Volume = {7},
	Number = {4},
	Pages = {457-472}
}

@incollection{Geweke:1992,
    address = {Oxford},
    author = {Geweke, John},
    booktitle = {Bayesian Statistics},
    editor = {Dawid, A.P. and and J.O. Berger},
    pages = {169--193},
    publisher = {Oxford University Press},
    title = {{Evaluating the Accuracy of Sampling-Based Approaches to the Calculation of Posterior Moments}},
    year = {1992}
}


    @article{Geyer:1992,
     title = {Constrained Monte Carlo maximum likelihood for dependent data},
     author = {Geyer, Charles J. and Thompson, Elizabeth A.},
     journal = {Journal of the Royal Statistical Society. Series B (Methodological)},
     volume = {54},
     number = {3},
     pages = {657--699},
     year = {1992}
    }

@article{Goldberg:2011,
  title={Mapping shared understandings using relational class analysis: the case of the cultural omnivore reexamined},
  author={Goldberg, A.},
  journal={American Journal of Sociology},
  volume={116},
  number={5},
  pages={1397--1436},
  year={2011}
}

@article{Gorban:2010,
title = "Correlations, risk and crisis: From physiology to finance",
journal = "Physica A: Statistical Mechanics and its Applications",
volume = "389",
number = "16",
pages = "3193 - 3217",
year = "2010",
author = "Alexander N. Gorban and Elena V. Smirnova and Tatiana A. Tyukina"
}

@article{Greicius:2003,
  title={Functional connectivity in the resting brain: a network analysis of the default mode hypothesis},
  author={Greicius, M.D. and Krasnow, B. and Reiss, A.L. and Menon, V.},
  journal={Proceedings of the National Academy of Sciences},
  volume={100},
  number={1},
  pages={253},
  year={2003},
  publisher={National Acad Sciences}
}


@article{Halstuk2006,
author = {Halstuk, Martin E. and Chamberlin, Bill F.},
title = {The Freedom of Information Act 1966â€“2006: A Retrospective on the Rise of Privacy Protection Over the Public Interest in Knowing What the Government's Up To},
journal = {Communication Law and Policy},
volume = {11},
number = {4},
pages = {511-564},
year = {2006},
}


@article{Handcock2010,
	Author = {Handcock, Mark S. and Krista J. Gile},
	Title = {Modeling Networks from Sampled Data},
	Journal = {Annals of Applied Statistics},
	Volume = {4},
	Number = {1},
	Pages = {5--25},
	Year = {2010}
}


@ARTICLE{Hanneke:2010,
   title = {Discrete Temporal Models of Social Networks},
   author = {Steve Hanneke and Wenjie Fu and Eric P. Xing},
    journal = {The Electronic Journal of Statistics},
    year = {2010},
    volume = {4},
    pages = {585-605}
}


    @article{Holland:1981,
     title = {An exponential family of probability distributions for directed graphs},
     author = {Holland, Paul W. and Leinhardt, Samuel},
     journal = {Journal of the American Statistical Association},
     volume = {76},
     number = {373},
     pages = {33--50},
     year = {1981}
    }
    
    @article{Hough2012,
author = {Hough, Richard},
title = {Do Legislative Petitions Systems Enhance the Relationship between Parliament and Citizen?},
journal = {The Journal of Legislative Studies},
volume = {18},
number = {3-4},
pages = {479-495},
year = {2012}
}
    
    @article{Huang:2007,
title = "Metabolic brain networks associated with cognitive function in Parkinson's disease",
journal = "NeuroImage",
volume = "34",
number = "2",
pages = "714 - 723",
year = "2007",
author = "Chaorui Huang and Paul Mattis and Chengke Tang and Kenneth Perrine and Maren Carbon and David Eidelberg"
}


   
 @article{Hunter:2006,
  title={Inference in curved exponential family models for networks},
  author={Hunter, D.R. and Handcock, M.S.},
  journal={Journal of Computational and Graphical Statistics},
  volume={15},
  number={3},
  pages={565--583},
  year={2006}
}
  
    
    @article{Hunter:2007,
  author =	"David R. Hunter and Mark S. Handcock and Carter T. Butts and Steven M. Goodreau and Martina Morris",
  title =	"ergm: A Package to Fit, Simulate and Diagnose Exponential-Family Models for Networks",
  journal =	"Journal of Statistical Software",
  volume =	"24",
  number =	"3",
  pages =	"1--29",
  year = 	"2008"
  }


@article{Imai:2005,
  author =	"Kosuke Imai and David A. Van Dyk",
  title =	"MNP: R Package for Fitting the Multinomial Probit Model",
  journal =	"Journal of Statistical Software",
  volume =	"14",
  number =	"3",
  pages =	"1--32",
  year = 	"2005"
}

@article{Iori:2008,
  title={A network analysis of the Italian overnight money market},
  author={Iori, G. and De Masi, G. and Precup, O.V. and Gabbi, G. and Caldarelli, G.},
  journal={Journal of Economic Dynamics and Control},
  volume={32},
  number={1},
  pages={259--278},
  year={2008},
  publisher={Elsevier}
}



    @article{Jank:2003,
     title = {Efficiency of Monte Carlo EM and Simulated Maximum Likelihood in Two-Stage Hierarchical Models},
     author = {Jank, Wolfgang and Booth, James},
     journal = {Journal of Computational and Graphical Statistics},
     volume = {12},
     number = {1},
     pages = {214-229},
     year = {2003}
    }
    
    @article{Jones:1985,
  title={Generating inverse wishart matrices},
  author={Jones, MC},
  journal={Communications in Statistics-Simulation and Computation},
  volume={14},
  number={2},
  pages={511--514},
  year={1985}
}




    @article{Kessler1996,
     title = {Dynamics of Cosponsorship},
     author = {Kessler, Daniel and Krehbiel, Keith},
     journal = {The American Political Science Review},
     volume = {90},
     number = {3},
     pages = {555-566},
     year = {1996}
    }
    
    @conference{Krafft2012,
Author = {Krafft, Peter and Juston Moore and Hanna Wallach and Bruce Desmarais},
Title = {{Topic-Partitioned Multinetwork Embeddings}},
booktitle = {{Proceedings of the 26th Annual Conference on Neural Information Processing Systems}},
Year = {{Forthcoming, 2012}},
}

@ARTICLE{Lambert:1992,
  author = {Lambert, Diane},
  title = {Zero-Inflated Poisson Regression, with an Application to Defects
	in Manufacturing},
  journal = {Technometrics},
  year = {1992},
  volume = {34},
  pages = {1--14},
  number = {1}
}


@Article{Langfelder:2008,
  author = {Peter Langfelder and Steve Horvath},
  title = {WGCNA: an R package for weighted correlation network analysis},
  journal = {BMC Bioinformatics},
  year = {2008},
  number = {1},
  pages = {559},
  pubmedid = {19114008},
}


@article{Leibon:2008,
author = {Leibon, Gregory and Pauls, Scott and Rockmore, Daniel and Savell, Robert}, 
title = {Topological structures in the equities market network}, 
volume = {105}, 
number = {52}, 
pages = {20589-20594}, 
year = {2008},
journal = {Proceedings of the National Academy of Sciences} 
}

    
    @inproceedings{LibenNowell:2003,
 author = {Liben-Nowell, David and Kleinberg, Jon},
 title = {The link prediction problem for social networks},
 booktitle = {Proceedings of the twelfth international conference on Information and knowledge management},
 series = {CIKM '03},
 year = {2003},
 pages = {556--559},
 numpages = {4},
 publisher = {ACM}
} 

@article{Linders2012,
title = "From e-government to we-government: Defining a typology for citizen coproduction in the age of social media",
journal = "Government Information Quarterly",
volume = "29",
number = "4",
pages = "446 - 454",
year = "2012",
author = "Dennis Linders",
}


@BOOK{Long:1997,
  title = {Regression Models for Categorical and Limited Dependent Variables},
  publisher = {Sage},
  year = {1997},
  author = {Long, J. Scott},
  address = {Thousand Oaks, CA}
}

@article{Mason2008,
title = "Propogation of Innovations in Networked Groups",
journal = "Journal of Experimental Psychology: General",
volume = "137",
number = "3",
pages = "422-433",
year = "2008",
author = "Mason, Winter A. and Andy Jones and Robert L. Goldstone",
}

    
    @article{Genest1986,
     title = {The Joy of Copulas: Bivariate Distributions with Uniform Marginals},
     author = {Genest, Christian and MacKay, Jock},
     journal = {The American Statistician},
     volume = {40},
     number = {4},
     pages = {280-283},
     year = {1986}
    }

@inproceedings{Gunawardana2008,
 author = {Gunawardana, Asela and Meek, Christopher},
 title = {Tied boltzmann machines for cold start recommendations},
 booktitle = {Proceedings of the 2008 ACM conference on Recommender systems},
 series = {RecSys '08},
 year = {2008},
 location = {Lausanne, Switzerland},
 pages = {19--26},
 numpages = {8},

} 



        @article{Mansfield1997,
     title = {Alliances, Preferential Trading Arrangements, and International Trade},
     author = {Mansfield, Edward D. and Bronson, Rachel},
     journal = {The American Political Science Review},
     volume = {91},
     number = {1},
     pages = {94-107},
     year = {1997}
    }
    
    @article{Mason2012,
	Author = {Mason, W. and Watts, D.J.},
	Journal = {Proceedings of the National Academy of Sciences},
	Number = {3},
	Pages = {764-769},
	Title = {Collaborative learning in networks},
	Volume = {109},
	Year = {2012}}
    
    @INPROCEEDINGS{Mccallum2005,
    author = {Andrew Mccallum and AndrŽs Corrada-emmanuel and Xuerui Wang},
    title = {Topic and role discovery in social networks},
    booktitle = {In IJCAI},
    year = {2005},
    pages = {786--791}
}


@article{Menon:2011,
title = "Large-scale brain networks and psychopathology: a unifying triple network model",
journal = "Trends in Cognitive Sciences",
volume = "15",
number = "10",
pages = "483 - 506",
year = "2011",
author = "Vinod Menon"
}

@inproceedings{Mimno2008,
  author={David Mimno and Andrew McCallum},
  title={Topic models conditioned on arbitrary features with Dirichlet-multinomial regression},
  booktitle={UAI},
  year={2008}
}
    
        @article{Oneal1999,
     title = {The Kantian Peace: The Pacific Benefits of Democracy, Interdependence, and International Organizations, 1885-1992},
     author = {Oneal, John R. and Russett, Bruce},
     journal = {World Politics},
     volume = {52},
     number = {1},
     pages = {1-37},
     year = {1999}
    }
    
    @ARTICLE{Park:2004,
  author = {Park, Juyong. and Newman, M.E.J.},
  title = {{Statistical mechanics of networks}},
  journal = {Physical Review E},
  year = {2004},
  volume = {70},
  number={6},
  pages = {66117-66130}
}

@Article{Park:2004b,
  title = {Solution of the two-star model of a network},
  author = {Park, Juyong  and Newman, M. E. J.},
  journal = {Phys. Rev. E},
  volume = {70},
  number = {6},
  pages = {066146},
  numpages = {5},
  year = {2004},
  month = {Dec},
  doi = {10.1103/PhysRevE.70.066146},
  publisher = {American Physical Society}
}

    @article{Pattison:2002,
     title = {Neighborhood-Based Models for Social Networks},
     author = {Pattison, Philippa and Robins, Garry},
     journal = {Sociological Methodology},
     volume = {32},
     pages = {301--337},
     year = {2002}
    }


@Article{Pevehouse:2004,
	Author={Pevehouse, Jon C. and Nordstrom,  Timothy and Warnke, Kevin},
	Year={2004},
	Title={"The COW-2 International Organizations Dataset Version 2.0},
	Journal={Conflict Management and Peace Science},
	Volume={21},
	Number={2},
	Pages={101-119}}

@article{Pihur:2008,
author = {Pihur, Vasyl and Datta, Somnath and Datta, Susmita}, 
title = {Reconstruction of genetic association networks from microarray data: a partial least squares approach}, 
volume = {24}, 
number = {4}, 
pages = {561-568}, 
year = {2008}, 
journal = {Bioinformatics} 
}


@Article{Ramanathan:2008,
	Author = {Ramanathan, V. and Feng, Y.},
	Year = {2008},
	Title = {On avoiding dangerous anthropogenic interference with the climate system: formidable challenges},
	Journal = {Proceedings of the National Academy of Sciences},
	Volume = {105},
	Number = {38},
	Pages = {14245-14250}
}


@ARTICLE{Robins:2001,
  author = {Robins, Garry and Philippa Pattison},
  title = {{Random Graph Models for Temporal Processes in Social Networks}},
  journal = {Journal of Mathematical Sociology},
  year = {2001},
  volume = {25},
  pages = {5 -- 41},
  number = {1}
}

@article{Schafer:2005,
author = {Schafer, Juliane and Strimmer, Korbinian}, 
title = {An empirical Bayes approach to inferring large-scale gene association networks}, 
volume = {21}, 
number = {6}, 
pages = {754-764}, 
year = {2005}, 
journal = {Bioinformatics} 
}


@Article{Schellnhuber,
	Author = {Schellnhuber, Hans Joachim},
	Year = {2008},
	Title = {Global warming: Stop worrying, start panicking?},
	Journal = {Proceedings of the National Academy of Sciences},
	Volume = {105},
	Number = {38},
	Pages = {14239-14240}
}



@article{Schmitt:2004,
author = {Schmitt, William A. and Raab, R. Michael and Stephanopoulos, Gregory}, 
title = {Elucidation of Gene Interaction Networks Through Time-Lagged Correlation Analysis of Transcriptional Data}, 
volume = {14}, 
number = {8}, 
pages = {1654-1663}, 
year = {2004}, 
journal = {Genome Research} 
}


@article{Simpson:2011,
    author = {Simpson, Sean L. AND Hayasaka, Satoru AND Laurienti, Paul J.},
    journal = {PLoS ONE},
    title = {Exponential Random Graph Modeling for Complex Brain Networks},
    year = {2011},
    month = {05},
    volume = {6},
    pages = {e20039},
    number = {5}
}        

@inproceedings{Sinha:2009,
  title={Network analysis reveals structure indicative of syntax in the corpus of undeciphered Indus civilization inscriptions},
  author={Sinha, S. and Pan, R.K. and Yadav, N. and Vahia, M. and Mahadevan, I.},
  booktitle={Proceedings of the 2009 Workshop on Graph-based Methods for Natural Language Processing},
  pages={5--13},
  year={2009},
  organization={Association for Computational Linguistics}
}

@Article{Smith:2009,
	Author={Smith, Reginald},
	Year={2009},
	Title={The Spread of the Credit Crisis: View from a Stock Correlation Network},
	Journal={Journal of the Korean Physical Society},
	Volume={54},
	Number={6},
	Pages={2460--2463}}


@Article{Solomon:2009,
	Author = {Solomon, Susan and Plattner, Gian-Kasper and Knutti, Reto and Friedlingstein, Pierre},
	Year = {2009},
	Title = {Irreversible Climate Change due to Carbon Dioxide Emissions},
	Journal = {Proceedings of the National Academy of Sciences},
	Volume = {106},
	Number = {6},
	Pages = {1704-1709}
}


@article{Strauss:1990,
  title = {Pseudolikelihood estimation for social networks},
  author = {Strauss, David and Ikeda, Michael},
  journal = {Journal of the American Statistical Association},
  volume = {85},
  number = {409},
  pages = {204--212},
  year = {1990}
}

@inproceedings{Steyvers2004,
 author = {Steyvers, Mark and Smyth, Padhraic and Rosen-Zvi, Michal and Griffiths, Thomas},
 title = {Probabilistic author-topic models for information discovery},
 booktitle = {Proceedings of the tenth ACM SIGKDD international conference on Knowledge discovery and data mining},
 series = {KDD '04},
 year = {2004},
 location = {Seattle, WA, USA},
 pages = {306--315},
 numpages = {10}
} 



@article{Snijders:2006,
  title={New specifications for exponential random graph models},
  author={Snijders, T.A.B. and Pattison, P.E. and Robins, G.L. and Handcock, M.S.},
  journal={Sociological Methodology},
  volume={36},
  number={1},
  pages={99--153},
  year={2006},
  publisher={Wiley Online Library}
}

@article{Snijders:2002,
	Author = {Snijders, Tom A.B.},
	year={2002},
	Title = {Markov Chain {M}onte {C}arlo Estimation of Exponential Random Graph Models},
	Journal = {Journal of Social Structure},
	Volume = {3},
	Number = {2},
	Pages={1-40}
	}

@article{Tomassini:2008,
  title={Complex-network analysis of combinatorial spaces: The NK landscape case},
  author={Tomassini, M. and V{\'e}rel, S. and Ochoa, G.},
  journal={Physical Review E},
  volume={78},
  number={6},
  pages={066114},
  year={2008},
  publisher={APS}
}


@article{Vanduijin:2009,
title = {A framework for the comparison of maximum pseudo-likelihood and maximum likelihood estimation of exponential family random graph models},
journal = {Social Networks},
volume = {31},
number = {1},
pages = {52 - 62},
year = {2009},
author = {Marijtje A.J. van Duijn and Krista J. Gile and Mark S. Handcock}
}

@article{Vos:2009,
author = {Vos, Pauline},
title = {Pearson's correlation between three variables; using studentsâ€™ basic knowledge of geometry for an exercise in mathematical statistics},
journal = {International Journal of Mathematical Education in Science and Technology},
volume = {40},
number = {4},
pages = {533-541},
year = {2009}
}


@article{Ward2007,
author = {Ward, Michael D. and Hoff, Peter D.}, 
title = {Persistent Patterns of International Commerce}, 
volume = {44}, 
number = {2}, 
pages = {157-175}, 
year = {2007}, 
journal = {Journal of Peace Research} 
}

@article{Wasserman:1996,
  title = {Logit models and logistic regressions for social networks: I. An introduction to Markov graphs and $p^*$},
  author = {Stanley Wasserman and Philippa Pattison},
  journal = {Psychometrika},
  number = {3},
  pages = {401--425},
  volume = {61},
  year = {1996}
}

@conference{Wyatt:2010,
  title={{Discovering long range properties of social networks with multi-valued time-inhomogeneous models}},
  author={Wyatt, D. and Choudhury, T. and Bilmes, J.},
  booktitle={Proceedings of the Twenty-Fourth AAAI Conference on Artificial Intelligence},
  pages = {630-636},
  year={2010}
}

@article{Yildiz2007,
title = "E-government research: Reviewing the literature, limitations, and ways forward",
journal = "Government Information Quarterly",
volume = "24",
number = "3",
pages = "646 - 665",
year = "2007",
author = "Mete Yildiz",
}

@ARTICLE{Zeileis:2008,
  author = {Achim Zeileis and Christian Kleiber and Simon Jackman},
  title = {Regression Models for Count Data in R},
  journal = {Journal of Statistical Software},
  year = {2008},
  volume = {27},
  pages = {1--25},
  number = {8}
}

@Article{Zhang:2005,
   Author="Zhang, B.  and Horvath, S. ",
   Title="{{A} general framework for weighted gene co-expression network analysis}",
   Journal="Stat Appl Genet Mol Biol",
   Year="2005",
   Volume="4",
   Pages="Article17"
}



@Article{UN:2012,
   Author="",
   Title="{Millennium Development Goals Indicators}",
   Journal="United Nations",
   Year="2012",
   URL={http://mdgs.un.org/}
}




